@incollection{Autor2013,
  title={Titel-Untertitel},
  author={Doe, Jon and Smith, Jane},
  booktitle={Current Trends in XYZ},
  pages={253--268},
  year={2013},
  publisher={Verlag}
}
@book{Dix04,
	author = {Dix, Alan and Finlay, Janet E. and Abowd, Gregory D. and Beale, Russell},
	title = {Human-Computer Interaction},
	edition = {3.},
	publisher = {Pearson Education Limited},
	address = {Essex, England},
	year = {2004},
	note = {ISBN 0-13-046109-1}
}



@ONLINE{Stanford09,
	author = {Surname, First Name},
	title = {This is a test entry of type {@ONLINE}},
	month = jun,
	year = {2009},
	url = {http://today.slac.stanford.edu/images/2009/colloquium-web-collide.jpg},
	note = {Last accessed 16 July 2013}
}

@misc{Iso9241-11,
	author = {{DIN EN ISO 9241-11}}, 
	type = {Norm},
	number = {DIN EN ISO 9241-11},
	month = {},
	year = {1998},
	title = {Ergonomic requirements for office work with visual display terminals - Part 11: Guidance on usability}
}

# alternative for online resource 
@misc{Patterson2013,
	author = {Patterson, Dave},
	title = {Dave Patterson's Writing Advice},
	year = {2013},
	url = {http://www.cs.berkeley.edu/~pattrsn/talks/writingtips.html},
	note = {Last accessed 16 July 2013}
}


@misc{Hall,
	author = {Hall, Shane},
	title = {How to Cite Page Numbers in APA Format},
	year = {2013},
	url = {http://www.ehow.com/how_5689799_cite-numbers-apa-format.html},
	note = {Last accessed 16 July 2013}
}

@article{Baddeley:1974ts,
	author = {Baddeley, Alan D and Hitch, Graham},
	title = {{Working memory}},
	journal = {Psychology of learning and motivation},
	publisher = {Academic Press},
	year = {1974},
	pages = {47--89}
}

@article{Schroeder2019,
    author= {Jan Schröder},
    title = {Smart Home Interior},
    year = {2019},
    note = {Last accessed 10 October 2019}
}

@inproceedings{sripan2012research,
  title={Research and thinking of smart home technology},
  author={Sripan, Meensika and Lin, Xuanxia and Petchlorlean, Ponchan and Ketcham, Mahasak},
  booktitle={International Conference on Systems and Electronic Engineering (ICSEE'2012)},
  pages={61--63},
  year={2012}
}

@article{sharma2017,
    title={Activation Functions in Neural Networks},
    author={Sagar Sharma},
    year={2017},
    note={Last accessed 6 September 2017},
    url={https://towardsdatascience.com/activation-functions-neural-networks-1cbd9f8d91d6}
}

@book{Rey2011,
    booktitle={Neuronale Netze Eine Einführung in die Grundlagen, Anwendungen und Datenauswertung},
    author={Wender, Karl F. and Rey, Günter Daniel},
    pages={14--31},
    year={2011},
    publisher={Verlag Hans Huber},
    note={ISBN 978-3-456-84881-5}
}

@book{Trojan2017,
    booktitle={Das MQTT-Praxisbuch},
    author={Walter Trojan},
    pages={12--17},
    year={2017},
    publisher={Elektor-Verlag GmbH},
    note={ISBN 978-3-89576-324-3}
}

@book{frochte2018,
    title={Deep Neural Networks mit Keras},
    author={Frochte, Jörg},
    pages={210--250},
    year={2018},
    publisher={Hanser},
    booktitle={Grundlagen und Algorithmen in Python : mit 146 Abbildungen, 22 Tabellen und zahlreichen Beispielen},
    note={ISBN 978-3-446-45705-8}
}

@inproceedings{soni2017survey,
  title={A survey on mqtt: a protocol of internet of things (iot)},
  author={Soni, Dipa and Makwana, Ashwin},
  booktitle={International Conference On Telecommunication, Power Analysis And Computing Techniques (ICTPACT-2017)},
  year={2017}
}

@inproceedings{florez2010calibration,
  title={Calibration of force sensing resistors (fsr) for static and dynamic applications},
  author={Fl{\'o}rez, JA and Velasquez, A},
  booktitle={2010 IEEE ANDESCON},
  pages={1--6},
  year={2010},
  organization={IEEE}
}

@inproceedings{hollinger2006evaluation,
  title={Evaluation of commercial force-sensing resistors},
  author={Hollinger, Avrum and Wanderley, Marcelo M},
  booktitle={Proceedings of the International Conference on New Interfaces for Musical Expression, Paris, France},
  pages={4--8},
  year={2006}
}

@inproceedings{badlani2011smart,
  title={Smart home system design based on artificial neural networks},
  author={Badlani, Amit and Bhanot, Surekha},
  booktitle={Proceedings of the World Congress on Engineering and Computer Science},
  volume={1},
  pages={146--164},
  year={2011}
}

@article{hussein2014smart,
  title={Smart home design for disabled people based on neural networks},
  author={Hussein, Ali and Adda, Mehdi and Atieh, Mirna and Fahs, Walid},
  journal={Procedia Computer Science},
  volume={37},
  pages={117--126},
  year={2014},
  publisher={Elsevier}
}
